@misc{onnxruntime,
  title={ONNX Runtime},
  author={ONNX Runtime developers},
  year={2021},
  howpublished={\url{https://onnxruntime.ai/}},
  note={Version: x.y.z}
}

@inproceedings{mcfee2015librosa,
  title={librosa: Audio and music signal analysis in python},
  author={McFee, Brian and Raffel, Colin and Liang, Dawen and Ellis, Daniel PW and McVicar, Matt and Battenberg, Eric and Nieto, Oriol},
  booktitle={Proceedings of the 14th python in science conference},
  volume={8},
  year={2015}
}

@article{Hug2020,
  doi = {10.21105/joss.02174},
  url = {https://doi.org/10.21105/joss.02174},
  year = {2020},
  publisher = {The Open Journal},
  volume = {5},
  number = {52},
  pages = {2174},
  author = {Nicolas Hug},
  title = {Surprise: A Python library for recommender systems},
  journal = {Journal of Open Source Software}
}